5270 6236
390 487 422 562 1.
447 485 490 560 P.
511 482 582 556 Du
604 469 859 553 FREMERY
883 469 1160 563 cottum,
1181 493 1232 550 tn
1251 475 1557 569 QUAESTION.
1581 478 1919 563 Llraasnlnn.
1968 487 2017 582 69

315 717 363 792 'da
398 715 583 811 superest,
619 738 668 787 ex
705 713 929 808 quaestionis
963 711 1192 810 praescripto
1227 713 1385 788 maxime
1424 713 1570 807 quidem
1609 716 1655 786 de
1689 713 1868 820 Francica
1893 714 2020 812 iingna

167 929 181 948 ⁵
315 851 611 946 eritagendum3
636 849 682 918 ds
706 849 858 943 reliquis
881 848 1093 920 Romanicis
1118 870 1194 942 quo
1218 849 1339 920 minus
1364 869 1491 943 agam,
1515 869 1641 920 earum
1659 849 1866 943 ignorantia
1884 849 2017 944 prohi-

308 983 386 1058 bet.
436 983 497 1055 Er
521 982 706 1054 communi
729 992 851 1056 tamen
877 983 1020 1077 origine
1044 992 1081 1055 et
1105 981 1335 1055 formationis
1358 1005 1491 1078 genere
1515 982 1653 1076 plura,
1680 1005 1773 1076 quae
1797 983 1842 1052 de
1861 980 2017 1062 Francia
2155 1003 2159 1020 ·

312 1142 357 1192 aa
380 1117 571 1208 dicentcr,
596 1125 634 1186 et
662 1116 708 1187 de
731 1115 804 1190 iltis
824 1117 895 1188 diei
918 1118 1026 1211 posse
1049 1117 1172 1196 credo.
1221 1119 1282 1192 De
1305 1118 1504 1194 Sleronicis
1527 1119 1652 1190 eadem
1676 1117 1798 1190 flendi
1822 1115 1928 1189 causa
1950 1127 2016 1193 est.
2040 1141 2043 1148 ’

310 1253 370 1326 Ex
394 1251 609 1325 Teutonici·
634 1249 768 1346 linguis
791 1252 837 1323 de
858 1249 933 1322 sota
956 1251 1109 1346 Anglics
1133 1254 1313 1326 nonnulla
1335 1255 1477 1327 dicam:
1503 1253 1592 1326 haec
1609 1252 1731 1342 enim,
1754 1260 1798 1321 ut
1816 1261 1944 1343 postea
1961 1251 2017 1324 vi·

309 1388 498 1481 dabimus,
532 1409 603 1484 per
626 1388 747 1461 varies
771 1385 873 1458 casus
894 1397 933 1457 et
958 1407 1084 1458 rerum
1107 1388 1315 1461 discrimina
1338 1389 1497 1462 multum
1520 1413 1543 1460 a
1566 1386 1774 1458 'Pentouica
1797 1381 2014 1479 praestantia

309 1497 474 1607 deflexit-f
519 1521 565 1594 Iu
588 1521 742 1616 reliquis
764 1521 877 1592 nimia
900 1531 957 1592 est
981 1542 1066 1592 cum
1080 1493 1295 1596 ¹vernaculo
1317 1522 1490 1596 idiomate
1514 1521 1636 1596 nativa
1658 1518 1876 1611 umilitudc,
1902 1525 2012 1613 quam

308 1667 354 1732 ut
378 1655 574 1754 separatim
597 1656 643 1728 de
667 1656 712 1726 iis
736 1655 920 1728 dicamus:
941 1675 1027 1726 nam
1053 1677 1283 1726 communem
1306 1657 1484 1750 originem
1511 1655 1649 1747 omnis,
1675 1663 1755 1727 tum
1777 1653 2013 1748 linguarumff

306 1803 388 1864 tum
419 1793 595 1862 historiae
626 1791 788 1880 cognitio
821 1787 981 1856 ostendit
1012 1793 1051 1854 et
1073 1807 1191 1878 aeque
1214 1787 1417 1855 communis
1439 1785 1618 1874 hodieque
1641 1797 1720 1877 est,
1743 1788 1789 1858 de
1814 1809 1887 1881 qua
1908 1811 2009 1862 nunc

305 1923 523 2013 dicendum,
555 1918 743 1992 derivandi
780 1917 1102 2010 componendique
1133 1915 1299 1990 facultas.
1356 1913 1420 1984 Sia
1444 1934 1535 1988 vero
1564 1913 1604 1984 in
1626 1913 1693 1984 hac
1720 1915 1779 1985 vel
1801 1917 1864 1988 illa
1887 1923 2009 1994 minor

305 2055 415 2128 huius
436 2054 619 2128 facultatis
644 2053 730 2122 nius
754 2049 875 2120 factus
898 2049 1034 2139 fuerit,
1059 2051 1174 2142 magis
1192 2045 1362 2143 populo,
1387 2069 1497 2140 qaam
1519 2047 1664 2140 quidem
1680 2047 1825 2140 linguae
1840 2049 2009 2124 tribuen-¹

302 2189 389 2262 dum
422 2196 492 2259 eat.
544 2185 656 2274 Quod
689 2203 738 2254 ne
770 2181 824 2256 ita
857 2182 940 2274 quis
964 2182 1253 2276 interpretetur,
1280 2180 1381 2275 quati
1403 2181 1566 2274 linguam
1589 2179 1727 2274 aliquid
1749 2201 1818 2274 per
1842 2179 1877 2252 sc
1901 2179 2008 2256 rcbfi·
2066 2199 2071 2208 ·

303 2320 401 2394 nm
436 2328 586 2410 putem,
622 2327 667 2386 ut
700 2315 833 2408 populi
861 2315 947 2384 nsua
981 2315 1118 2386 nullam
1153 2317 1227 2389 vim
1260 2313 1412 2402 habeat3
1436 2334 1525 2408 age,
1552 2323 1716 2384 nostram
1740 2335 1823 2385 cum
1849 2312 2010 2398 Germa-j

301 2453 386 2524 nica
417 2449 542 2544 lingua
576 2447 615 2520 iu
648 2446 888 2543 quibusdam,
915 2467 1010 2544 quae
1043 2448 1090 2530 ad
1122 2445 1350 2545 praesentem
1379 2444 1665 2548 disputationem
1689 2442 1855 2538 iaciunt,
1890 2449 2008 2544 perti-

300 2582 369 2666 bus
392 2588 665 2676 ,comparemini
1332 2591 1337 2598 '

1103 2859 1209 2956 §¹1³
1335 2895 1337 2898 ·

347 3123 620 3196 Germanorum
653 3115 856 3214 particulae
888 3113 1073 3210 praefixae
1101 3121 1141 3182 et
1174 3119 1449 3182 terminatione·
1482 3139 1506 3180 a
1527 3119 1665 3182 nostris
1689 3116 1767 3185 scra
1791 3136 1868 3186 non
1891 3119 1999 3199 ditia-3

294 3268 406 3330 runts
442 3262 482 3329 in
516 3255 685 3324 omnibus
718 3263 868 3340 autem,
895 3271 988 3341 quas
1010 3241 1330 3327 enumeravimus,
1354 3241 1470 3311 tolum
1494 3242 1596 3312 card
1629 3244 1870 3338 praecipuum
1892 3246 2000 3320 habe·

293 3407 389 3460 mus.
451 3383 619 3458 Venusto
652 3381 725 3454 fiae
756 3347 868 3452 dubio
900 3389 956 3451 est
992 3389 1121 3449 nostra
1154 3379 1253 3448 inter
1275 3376 1429 3448 driadas·
1451 3385 1489 3447 et
1514 3375 1754 3470 dronkccrd,
1786 3381 1937 3456 cainrsr
1960 3391 2000 3456 ct

294 3521 499 3597 wirma
528 3517 733 3604 distinctio,
765 3514 886 3608 (860)
917 3513 977 3582 fad
1000 3509 1118 3604 forte,
1154 3511 1210 3582 uti
1244 3497 1422 3599 vidimus,
1457 3507 1635 3600 fortuita,
1669 3533 1783 3604 quum
1818 3513 1996 3590 Germani

292 3661 403 3730 etiam
433 3655 539 3728 ianm
571 3663 636 3724 art
658 3647 828 3723 adhihere
851 3648 1013 3742 possent.
1064 3643 1177 3736 Quod
1202 3667 1290 3716 vero
1321 3645 1367 3714 sd
1389 3641 1842 3736 compofitionem,'faoile
1866 3647 1994 3728 cuius-⁴

293 3810 389 3882 que,
417 3810 526 3881 quem
559 3785 743 3871 recensui,
775 3777 1018 3884 componendi
1051 3777 1148 3848 modi
1178 3775 1399 3849 Germanica
1433 3779 1628 3870 specimina
1663 3779 1795 3852 afferre
1835 3781 1993 3878 possem.-

289 3919 618 3994 Aossnucros
642 3911 786 4010 quidem
810 3912 966 4005 partim,
990 3910 1160 4002 utsupra
1181 3909 1359 3998 vidimus,
1381 3909 1507 4006 (ets)
1522 3913 1765 4005 componendi
1779 3893 1990 3988 facultatem

288 4055 329 4128 in
365 4051 586 4127 Germanica
619 4048 744 4141 lingua
774 4045 985 4137 restringit,
1023 4041 1081 4113 sed
1117 4056 1222 4116 caute
1252 4047 1286 4116 ei
1320 4046 1387 4116 hac
1420 4045 1460 4114 in
1493 4067 1536 4117 re
1559 4044 1741 4121 fidendum
1765 4057 1844 4140 est;
1869 4049 1988 4122 nescio
2144 4086 2149 4120 t

288 4192 409 4278 enim,
435 4210 510 4282 quo
534 4183 644 4258 modo
668 4181 836 4254 universe
859 4180 959 4249 omni
981 4178 1231 4273 compofiuoni
1252 4179 1404 4252 infestus
1424 4181 1613 4276 videatur,
1639 4186 1736 4257 uude
1750 4185 1887 4258 debitas
1901 4185 1987 4260 lau-f

289 4326 377 4418 des,
412 4341 577 4417 quasque
606 4320 711 4407 iure,
737 4317 897 4412 opinor,
934 4315 1217 4407 vindicavimus,
1251 4314 1316 4410 ipfi
1350 4315 1518 4414 denegat.
1566 4317 1636 4389 Sed
1670 4320 1803 4394 merito
1838 4322 1921 4414 quis
1944 4320 1983 4392 in

287 4453 507 4532 Germanici
540 4457 664 4550 lingua
699 4452 975 4524 consonantium
1008 4450 1192 4528 horridam
1219 4460 1258 4523 et
1280 4449 1446 4524 inutilem
1471 4451 1578 4546 saepe
1601 4452 1882 4525 cumulationem
1906 4450 1985 4524 cul·

288 4593 455 4689 paverit3
471 4611 596 4688 guae,
615 4609 699 4662 oum
717 4589 757 4660 in
776 4585 994 4683 fimpiioibus
1015 4583 1904 4684 adiit,(342)incompoiitionehocsponteefficit
1915 4595 1983 4678 ,ut
2059 4637 2067 4646 -

315 5145 410 5230 (³4⁰)
429 5149 521 5214 Cn·
538 5166 570 5228 p·
587 5151 637 5215 io·
672 5147 767 5232 (341)
785 5147 804 5228 §
826 5164 877 5230 aa·
893 5089 965 5218 U
983 5160 1014 5212 es
1032 5149 1051 5228 ς
1071 5149 1118 5214 ss.
1136 5149 1165 5212 tn
1182 5145 1208 5212 t.
1245 5147 1340 5232 (³4⁸)
1359 5145 1412 5212 ct.
1430 5157 1531 5208 arao.
1549 5137 1702 5222 thtrp.
1722 5153 1791 5218 rso.
