5222 6238
559 533 610 606 bo
920 519 1884 608 laurenrentium,

556 789 634 864 ¹(pro
649 763 755 838 modo
776 774 814 832 te
831 781 906 858 mg
928 773 964 832 te
979 759 1113 830 beeren
1127 756 1294 844 dioimoe.
1330 751 1382 826 Et
1403 749 1494 827 baeo
1511 757 1655 850 quidem
1675 755 1785 830 buiue
1797 757 1853 830 rei
1871 759 1912 833 fit
1930 759 2047 854 ratio,
2069 756 2095 833 li
2114 759 2252 842 suffici-Y

561 923 625 986 ene
656 897 778 990 aliqua
808 895 888 967 dari
911 894 1023 991 poebt
1046 915 1166 988 neque
1191 891 1300 983 uiue,
1328 893 1434 962 ooiue
1457 903 1502 964 ut
1525 891 1662 986 ubique
1685 894 1738 964 ite
1762 895 1917 968 mammo
1940 896 1978 966 in
2002 905 2080 968 tota
2092 917 2253 993 oompo·

557 1031 687 1104 titione
709 1031 908 1103 auotoritae
930 1041 1005 1122 eet,
1030 1031 1148 1126 (ὅου)
1174 1028 1269 1119 hoo,
1293 1027 1352 1100 rel
1375 1025 1495 1098 aniam
1520 1025 1720 1120 praebente
1743 1025 2031 1120 construetione,
2052 1032 2066 1114 (
2078 1031 2171 1124 501)
2193 1029 2253 1104 rel

555 1189 602 1239 ex
618 1164 741 1239 Latini
758 1165 933 1240 sommis
952 1167 1153 1238 imitatione
1169 1163 1350 1236 effecerit:
1372 1161 1435 1258 qui
1452 1183 1567 1255 quum
1589 1159 1732 1257 semper
1747 1161 2053 1256 praepositionem
2071 1185 2153 1236 oum
2173 1184 2254 1238 rer·

546 1297 606 1370 ¹bo
627 1301 693 1371 suo
717 1303 935 1395 oonioogat,
953 1296 1034 1370 fieri
1050 1292 1194 1394 p'otuit,
1213 1309 1258 1368 ut
1280 1300 1387 1369 etiam
1407 1295 1584 1381 maiorer,
1606 1294 1668 1362 ubi
1686 1296 1917 1387 permitteret
1929 1296 2148 1368 oonstruotio
2160 1344 2173 1386 ,
2185 1296 2255 1368 hoo

556 1432 725 1513 ieoeriut.
755 1433 843 1512 ¹Sed
866 1453 1086 1525 quoeunque
1100 1429 1209 1502 modo
1227 1453 1286 1502 ree
1307 1432 1343 1502 se
1362 1427 1511 1517 habeat,
1533 1425 1633 1496 ultra
1656 1449 1764 1520 quem
1791 1429 1878 1500 nsua
1894 1443 2023 1524 aperte
2042 1433 2160 1506 voluit
2177 1453 2255 1502 non

558 1565 727 1636 fooianda
759 1564 844 1636 funt
876 1583 958 1632 eum
983 1560 1107 1635 verbio
1128 1563 1298 1633 adverbia
1321 1571 1360 1631 et
1384 1559 1698 1655 praepolitionee5
1723 1563 1887 1654 primum
1912 1566 2010 1636 enim
2035 1567 2255 1660 plerumque

558 1714 636 1768 non
659 1697 727 1768 uili
751 1699 790 1768 in
814 1694 994 1768 infinitivo
1018 1694 1090 1764 boo
1112 1695 1236 1769 locum
1257 1692 1392 1779 babet3
1414 1695 1563 1782 deinde,
1586 1693 1649 1765 etti
1673 1694 1851 1788 separatio
1875 1696 2057 1788 obtineat,
2078 1700 2181 1772 nulla
2199 1709 2256 1772 eet

557 1825 836 1908 ooubrootiouie
869 1827 1023 1896 mutatio
1035 1851 1048 1914 ς
1075 1805 1246 1917 ¹deuique
1281 1826 1403 1897 aedem
1435 1824 1547 1916 plana
1570 1837 1693 1894 manet
1717 1827 1884 1896 dictionie
1907 1833 1983 1900 vie:
2021 1832 2119 1898 unde
2144 1855 2257 1922 aper-

467 1994 473 2001 ·
559 1971 640 2030 tum
664 1969 743 2040 eat,
766 1959 951 2028 minimam
975 1957 1171 2030 utilitatem
1194 1960 1279 2030 inde
1302 1970 1467 2032 noemam
1494 1955 1659 2051 linguam
1682 1957 1872 2052 accipere,
1899 1957 1924 2029 fi
1949 1957 2101 2030 iunctim
2126 1959 2257 2032 sariba·

556 2103 622 2162 tur
652 2089 964 2187 oebteruitgeou,
997 2094 1205 2186 volgieten,
1239 2113 1353 2183 quum
1377 2091 1545 2161 universe
1557 2135 1572 2178 ,
1602 2089 1652 2180 li,
1686 2111 1782 2181 quae
1805 2092 2013 2181 posteriore
2037 2093 2120 2161 loeo
2147 2093 2259 2164 addu-
2320 2131 2324 2144 ·

427 2308 429 2314 ¹
555 2227 703 2320 ximus,
735 2235 951 2322 argumenta
982 2226 1104 2296 looum
1139 2221 1318 2312 habeant,
1356 2222 1497 2294 inutilia
1530 2223 1649 2293 omuie
1682 2221 1725 2294 lit
1749 2221 1974 2315 oompolltio.
2027 2223 2146 2316 Igitur
2170 2247 2255 2297 eum

557 2381 814 2435 waruauoo
858 2371 1224 2433 etaoauuuoro
1272 2359 1389 2451 (502)
1431 2325 1609 2425 scribatur
1644 2327 1681 2422 te
1714 2351 1848 2422 binnan
1881 2352 2065 2450 brengen,
2105 2377 2260 2428 overeen

546 2493 751 2601 flammea,
770 2493 913 2588 fimo
936 2493 1093 2583 mahen,
1118 2501 1190 2563 ete.
1215 2511 1337 2584 neque
1360 2489 1510 2560 illorum
1534 2484 1743 2579 exemplum
1769 2485 1851 2577 quie
1884 2483 2078 2576 sequetur,
2106 2489 2170 2580 qui
2193 2501 2258 2560 to·
2403 2559 2406 2566 ,

557 2633 615 2694 tae
649 2624 871 2693 adverbiales
901 2625 1076 2694 dietionee
1114 2645 1200 2722 pum
1234 2622 1346 2696 verbo
1375 2623 1629 2715 coniungunt,
1663 2641 1737 2712 quo
1764 2617 1873 2687 modo
1903 2599 2002 2709 apud
2028 2639 2254 2730 narratura

555 2757 896 2854 vooroffllrrijven,
929 2755 1334 2852 adbteropbesoltrijoen
1366 2767 1403 2825 et
1435 2751 1560 2824 fimilia
1594 2751 1811 2824 invenimur.
1845 2747 1958 2844 (505)
2018 2749 2145 2836 Quum
2178 2775 2248 2824 eu.

556 2903 631 2963 tem
655 2893 760 2962 initio
784 2892 894 2964 buiua
917 2895 1062 2964 numeri
1086 2901 1259 2965 aeoeotoe
1280 2885 1523 2963 diverlitatem
1540 2883 1772 2971 notaverim,
1793 2878 1908 2952 verbo
1924 2879 2162 2956 adiiciendum
2177 2896 2257 2982 eet,

556 3021 799 3112 regulariter,
831 3027 887 3088 utt
919 3033 957 3088 et
990 3023 1007 3112 t
1033 3039 1093 3089 or.¹
1119 3023 1165 3091 de
1188 3017 1414 3091 substantivis
1437 3015 1616 3106 vidimus,
1641 3015 1681 3084 io
1705 3025 1849 3108 partem
1876 3011 2104 3090 definientem
2129 3021 2255 3095 eadere

558 3160 773 3236 acoentum,
789 3117 792 3125 ι
806 3171 933 3218 verum
959 3151 998 3215 iu
1024 3127 1143 3218 verbis
1167 3162 1247 3217 tum
1271 3151 1319 3216 ab
1342 3151 1410 3217 hae
1435 3147 1562 3236 regula
1584 3147 1729 3235 recedi,
1755 3145 1781 3214 fi
1801 3169 1853 3239 ge
1877 3145 1916 3216 in
1937 3135 2254 3247 ·praeterite'per-,

556 3279 684 3374 tioipio
721 3277 933 3348 omittetur:
960 3275 1029 3346 boo
1053 3284 1175 3348 autem
1197 3285 1288 3346 tuno
1311 3247 1536 3371 pleramque
1552 3277 1620 3369 fit,
1647 3281 1793 3374 quando
1818 3281 2026 3356 adverbium
2052 3297 2115 3357 aot
2137 3309 2253 3380 prae-
2320 3247 2325 3260 .

556 3413 691 3508 politio,
712 3420 766 3479 eet
787 3407 1058 3502 inseperabilia,
1083 3407 1277 3502 ootbrdgt,
1302 3409 1531 3504 doorsldhen.
1559 3413 1679 3505 (504)

605 3541 658 3616 V.
709 3540 787 3612 lam
811 3541 856 3612 ad
881 3542 1058 3612 orationis
1080 3543 1242 3614 minores
1265 3553 1390 3637 partee
1415 3545 1656 3615 accedendum
1672 3554 1760 3633 eat,
1779 3567 1864 3617 eum
1883 3565 2163 3620 auaeurero
2179 3569 2251 3628 ctu-T

555 3686 632 3748 tem
657 3675 774 3773 (505)
800 3673 1085 3762 observandum,
1112 3677 1271 3750 minores
1298 3679 1473 3749 orationis
1500 3689 1626 3772 partee
1656 3690 1735 3749 tum
1765 3677 1925 3772 ubique,
1942 3691 2021 3750 tum
2046 3669 2110 3752 ‘hic
2141 3685 2248 3758 etiam

558 3809 793 3904 exeeptiouee
829 3807 973 3898 faeere,
1004 3807 1044 3876 in
1076 3805 1205 3899 primia
1228 3807 1274 3878 ab
1297 3809 1358 3879 llla
1383 3809 1531 3902 regula,
1568 3822 1610 3878 ut
1634 3831 1722 3902 pare
1747 3813 1938 3905 oompoliti
1958 3813 2104 3887 definita
2126 3817 2257 3890 eadent

561 3952 710 4014 maneat
741 3941 916 4012 orationle
948 3961 1049 4034 pare.
1101 3937 1196 4009 Usue
1230 3943 1326 4012 enim
1351 3943 1527 4036 paulatim
1554 3951 1739 4036 tamquam
1767 3944 1936 4017 adverbio
1958 3957 1994 4014 et
2019 3953 2252 4020 coniunctio·

503 4159 505 4166 ,
559 4099 626 4150 nea
655 4076 788 4149 multae
822 4075 995 4149 dictiones
1027 4085 1064 4148 et
1089 4075 1351 4149 vocabulorum
1371 4055 1651 4171 oompolitiouee
1674 4079 1933 4176 oonlideravit,
1959 4057 2052 4173 quae
2075 4079 2163 4154 tales
2188 4105 2252 4168 req

558 4229 648 4286 ¹tlara
676 4209 753 4276 uon
778 4220 907 4298 eraut,
933 4209 992 4280 sed
1018 4208 1085 4279 usu
1111 4209 1320 4302 portulaote
1347 4211 1417 4281 iam
1449 4210 1539 4284 talea
1552 4211 1745 4312 ⁸habendae
1773 4215 1869 4290 suut.
1922 4211 2112 4311 Agendum
2138 4216 2250 4311 igitur

450 4363 453 4374 ·
516 4363 521 4370 ·
562 4349 616 4411 eet
644 4339 689 4409 de
714 4337 1064 4432 praepositionibus,
1092 4341 1269 4414 adverbiis
1295 4354 1333 4414 et
1359 4346 1696 4422 coniunctionibus.
1728 4349 1846 4454 (5061

598 4799 689 4874 (300)
708 4799 901 4861 Waraauo
927 4816 994 4878 pag.
1011 4817 1061 4878 42·
1098 4817 1187 4886 (301)
1208 4807 1290 4887 Quae
1311 4827 1419 4888 partem
1443 4807 1562 4878 verbio
1588 4817 1766 4882 definientem
1792 4825 1820 4880 in
1833 4817 1976 4880 Infinitive
1989 4821 2099 4894 semper
2112 4827 2178 4875 ante
2193 4825 2259 4872 vet·

559 4911 628 4972 bom
651 4914 838 4990 poniturque
863 4911 902 4974 lic
924 4912 1078 4974 admodum
1102 4917 1213 4980 factem
1236 4923 1328 4985 reddit
1348 4927 1423 4984 illiue
1446 4929 1532 5000 partis
1558 4945 1624 4988 cum
1649 4933 1741 4992 verbo
1759 4927 2009 5003 compofittonem.
2051 4923 2256 4998 (sealwet-

558 5033 665 5082 eruo
690 5041 723 5100 p.
746 5043 795 5102 44.
840 5029 910 5086 Ao.
938 5027 986 5098 11,
1016 5029 1083 5102 263.
1128 5029 1221 5113 (303)
1251 5037 1333 5112 belg.
1363 5037 1465 5126 Graec.
1491 5037 1524 5111 p.
1553 5053 1617 5112 roe.
1669 5039 2059 5124 <3q2do.1,859·sq·
2095 5033 2255 5114 (305211,

453 5115 468 5140 '
560 5145 623 5202 251.
660 5137 751 5208 (306)
768 5135 812 5194 De
825 5135 937 5220 reliquie
952 5153 1038 5212 quere
1054 5155 1112 5202 uon
1129 5143 1266 5214 egendum
1282 5145 1334 5220 su.
1352 5147 1481 5212 vtdeetur
1499 5149 1515 5226 s
1534 5163 1584 5212 aa.
1598 5151 1627 5210 io
1641 5149 1668 5212 l'.
